@misc{opennetworkingOpenNetwork,
	author = {},
	title = {{O}pen {N}etwork {O}perating {S}ystem ({O}{N}{O}{S}) {S}{D}{N} {C}ontroller for {S}{D}{N}/{N}{F}{V} {S}olutions --- opennetworking.org},
	howpublished = {\url{https://opennetworking.org/onos/}},
	year = {},
	note = {[Accessed 02-May-2023]},
}

@ARTICLE{Xia_a_survery_on_sdn_2015,

  author={Xia, Wenfeng and Wen, Yonggang and Foh, Chuan Heng and Niyato, Dusit and Xie, Haiyong},

  journal={IEEE Communications Surveys & Tutorials}, 

  title={A Survey on Software-Defined Networking}, 

  year={2015},

  volume={17},

  number={1},

  pages={27-51},

  doi={10.1109/COMST.2014.2330903 }}


@inproceedings{ohri_security_2023,
	location = {Bhopal, India},
	title = {Security Analysis of Open Source {SDN} ({ODL} and {ONOS}) Controllers},
	isbn = {9798350398748    },
	url = {https://ieeexplore.ieee.org/document/10063108/},
	doi = {10.1109/SCEECS57921.2023.10063108},
	eventtitle = {2023 {IEEE} International Students' Conference on Electrical, Electronics and Computer Science ({SCEECS})},
	pages = {1--4},
	booktitle = {2023 {IEEE} International Students' Conference on Electrical, Electronics and Computer Science ({SCEECS})},
	publisher = {{IEEE}},
	author = {Ohri, Pulkit and Neogi, Subhrendu Guha and Muttoo, Sunil Kumar},
	urldate = {2023-04-20},
	date = {2023-02-18},
}

@report{secci_onos_2018,
	title = {{ONOS} Security and Performance Analysis (Report No.2)},
	institution = {Open Networking Foundation},
	author = {Secci, Stefano and Scott-Hayward, Sandra and Wang, You and Pham Van, Quan and Verchere, Dominique and Sow, Alpha and Basquin, Christophe and Smyth, Dylan and Attou, Kamel and Thimmaraju, Kashyap and Campanella, Andrea},
	date = {2018-11-02},
}

@report{secci_security_2019,
	title = {Security and Performance Comparison of {ONOS} and {ODL} controllers},
	url = {https://hal.science/hal-03188550},
	institution = {Open Networking Foundation},
	type = {Informational Report},
	author = {Secci, Stefano and Diamanti, Alessio and Vilchez Sanchez, Jos√© Manuel and Tahirou Bah, Mamadou and Vizarreta, Petra and Mas Machuca, Carmen and Scott-Hayward, Sandra and Smyth, Dylan},
	date = {2019-09-10},
}

@inproceedings{arbettu_security_2016,
	location = {Montreal, {QC}, Canada},
	title = {Security analysis of {OpenDaylight}, {ONOS}, Rosemary and Ryu {SDN} controllers},
	isbn = {978-1-4673-8991-4    },
	url = {https://ieeexplore.ieee.org/document/7751150/},
	doi = {10.1109/NETWKS.2016.7751150 },
	eventtitle = {2016 17th International Telecommunications Network Strategy and Planning Symposium (Networks)},
	pages = {37--44},
	booktitle = {2016 17th International Telecommunications Network Strategy and Planning Symposium (Networks)},
	publisher = {{IEEE}},
	author = {Arbettu, Ramachandra Kamath and Khondoker, Rahamatullah and Bayarou, Kpatcha and Weber, Frank},
	urldate = {2023-04-20},
	date = {2016-09},
}

@inproceedings{tupakula_implementation_2022,
	location = {Ghent, Belgium},
	title = {Implementation of Techniques for Enhancing Security of Southbound Infrastructure in {SDN}},
	isbn = {978-1-66547-254-8  },
	url = {https://ieeexplore.ieee.org/document/9942644/},
	doi = {10.1109/NoF55974.2022.9942644},
	eventtitle = {2022 13th International Conference on Network of the Future ({NoF})},
	pages = {1--5},
	booktitle = {2022 13th International Conference on Network of the Future ({NoF})},
	publisher = {{IEEE}},
	author = {Tupakula, Uday and Karmakar, Kallol Krishna and Varadharajan, Vijay and Collins, Ben},
	urldate = {2023-04-20},
	date = {2022-10-05},
}

@online{noauthor_software-defined_nodate,
	title = {Software-Defined Networking ({SDN}) Definition},
	url = {https://opennetworking.org/sdn-definition/},
	abstract = {{SDN} architecture enables the network control to become directly programmable and the underlying infrastructure to be abstracted for applications and network services.},
	titleaddon = {Open Networking Foundation},
	urldate = {2023-04-21},
	langid = {american},
}

@incollection{robertazzi_software-defined_2017,
	location = {Cham},
	title = {Software-Defined Networking},
	isbn = {978-3-319-53103-8 },
	url = {https://doi.org/10.1007/978-3-319-53103-8_7}, 
	abstract = {A survey of software-defined networking ({SDN}), which is an architecture and design methodology for designing programmable networks. Such programmable networks offer great flexibility. The classic Internet architecture is compared with {SDN} architecture. The development of {SDN} is examined. The popular {OpenFlow} architecture is discussed. A brief listing of {SDN} standardization groups is included.},
	pages = {81--87},
	booktitle = {Introduction to Computer Networking},
	publisher = {Springer International Publishing},
	author = {Robertazzi, Thomas G.},
	editor = {Robertazzi, Thomas G.},
	urldate = {2023-04-21},
	date = {2017},
	langid = {english},
	doi = {10.1007/978-3-319-53103-8_7 },
	keywords = {{OpenFlow}, {SDN}, {SDN} architecture, {SDN} standards, Software-Defined Networking},
}

@article{kaur_comprehensive_2021,
	title = {A comprehensive survey of {DDoS} defense solutions in {SDN}: Taxonomy, research challenges, and future directions},
	volume = {110},
	issn = {01674048},
	url = {https://linkinghub.elsevier.com/retrieve/pii/S0167404821002479},
	doi = {10.1016/j. cose.2021.102423},
	shorttitle = {A comprehensive survey of {DDoS} defense solutions in {SDN}},
	pages = {39},
	journaltitle = {Computers \& Security},
	shortjournal = {Computers \& Security},
	author = {Kaur, Sukhveer and Kumar, Krishan and Aggarwal, Naveen and Singh, Gurdeep},
	urldate = {2023-04-21},
	date = {2021-11},
	langid = {english},
}

@article{singh_extensive_2022,
	title = {An extensive vulnerability assessment and countermeasures in open network operating system software defined networking controller},
	volume = {34},
	issn = {1532-0626, 1532-0634},
	url = {https://onlinelibrary.wiley.com/doi/10.1002/cpe.6978}, 
	doi = {10.1002/cpe.6978},
	number = {15},
	journaltitle = {Concurrency and Computation: Practice and Experience},
	shortjournal = {Concurrency and Computation},
	author = {Singh, Avtar and Kaur, Navjot and Kaur, Harpreet},
	urldate = {2023-05-02},
	date = {2022-07-10},
	langid = {english},
}